@article{Leibbrandt,
		author = {Leibbrandt,<!--// //--> M., et al.},
		title = {Trends in South African Income Distribution and Poverty since the Fall of Apartheid},
		url = {/content/workingpaper/5kmms0t7p1ms-en},
		doi = {http://dx.doi.org/10.1787/5kmms0t7p1ms-en},
		publisher = {OECD Publishing}
}

@article{Carter20011987,
title = "One Kind of Freedom: Poverty Dynamics in Post-apartheid South Africa ",
journal = "World Development ",
volume = "29",
number = "12",
pages = "1987 - 2006",
year = "2001",
note = "",
issn = "0305-750X",
doi = "http://dx.doi.org/10.1016/S0305-750X(01)00089-4",
url = "http://www.sciencedirect.com/science/article/pii/S0305750X01000894",
author = "Michael R. Carter and Julian May",
keywords = "income dynamics",
keywords = "poverty measures",
keywords = "South Africa "
}

@article{Devepol,
title = "Income and Non-income Inequality in Post-Apartheid South Africa: What are the Drivers and Possible Policy Interventions?",
author = "Development Policy Research Unit",
year = "2009"
}


@article{Hbhorat,
title = "Poverty and Well-Being in Post-Apartheid South Africa: an Overview of Data, Outcomes and Policy",
author = "H. Bhorat and Ravi Kanbur ",
year = "2005",
journal ="DPRU Working Paper 05/101 "
}

@article{Demombynes2005265,
title = "Crime and local inequality in South Africa ",
journal = "Journal of Development Economics ",
volume = "76",
number = "2",
pages = "265 - 292",
year = "2005",
note = "",
issn = "0304-3878",
doi = "http://dx.doi.org/10.1016/j.jdeveco.2003.12.015",
url = "http://www.sciencedirect.com/science/article/pii/S0304387804001117",
author = "Gabriel Demombynes and Berk ??zler",
keywords = "Crime",
keywords = "Inequality",
keywords = "South Africa "
}

@article{southernaf,
title = "Poverty and Inequality Dynamics in South Africa: Post-apartheid Developments in the Light of the Long-Run Legacy",
author ="Southern Africa Labour & Development Research Unit, University of Cape Town",
year = "2007"

}

